@ARTICLE{basearticle,
	author={Jon Arni Steingrimsson, and Samantha Morrison},
	title={Deep Learning for Survival Outcomes},
	year = {2020},
	pages={2339--2349},
	volume = {39 (17)},
	journal= {Statistics in medicine}
}

@BOOK {deeplbook,
    author    = {Ian Goodfellow, and Yoshua Bengio, and Aaron Courville},
    title     = {Deep Learning},
    publisher = {The MIT Press},
    year      = {2016},
    edition   = {first}
}

@BOOK {bookIPCW,
	author = {van der Laan, Mark J. and Robins, James M.},
	year = {2003},
	title = {Unified Methods for Censored Longitudinal Data and Causality},
	publisher = {Springer Science+Business Media},
	edition = {first}
}

@ARTICLE{culs,
	author={Steingrimsson, Jon Arni and Diao, Liqun  and Strawderman, Robert L.},
	title={Censoring Unbiased Regression Trees and Ensembles},
	year = {2019},
	pages={370--383},
	volume = {114,525},
	journal= {Journal of the American Statistical Association}
}

@BOOK {sabook,
	author    = {Kleinbaum, David G. and Klein, Mitchel},
	title     = {Survival Analysis},
	publisher = {Springer Science + Business Media},
	year      = {2020},
	edition   = {third}
}

@BOOK {mathsabook,
	author    = {Klein,John P. and Moeschberger, Melvin L.},
	title     = {Survival Analysis: Techniques for Censored and Truncated Data},
	publisher = {Springer},
	year      = {2003},
	edition   = {second}
}

@BOOK {bookfailuretime,
	author = {Kalbfleisch, John D. and Prentice, Ross L.},
	title     = {The statistical Analysis of Failure Time Data},
	publisher = {John Wiley \& Sons},
	year      = {2002},
	edition   = {second}
}

@ARTICLE{drcut,
	author={Rubin, Daniel and van der Laan, Mark J.},
	title={A Doubly Robust Censoring Unbiased Transformation},
	year = {2007},
	pages={Iss. 1, Article 4},
	volume = {Vol. 3},
	journal= {The International Journal of Biostatistics}
}

@ARTICLE{relativerisktrees,
	author={LeBlanc, Michael and Crowley, John},
	title={Relative Risk Trees for Censored Survival Data},
	year = {1992},
	pages={411--425},
	volume = {Vol. 48, No. 2},
	journal= {International Biometric Society}
}

@ARTICLE{drtrees,
	author={Steingrimsson, Jon A. and Diao, Liqun and Molinaro, Anette M. and Strawderman, Robert L.},
	title={Doubly robust survival trees},
	year = {2016},
	volume = {35},
	journal = {Statistics in medicine},
}

@ARTICLE{strawderman,
	author={Strawderman, Robert L.},
	title={Estimating the Mean of an Increasing Stochastic Process at a Censored Stopping Time},
	year = {2000},
	volume = {95, No. 452},
	pages={1192--1208},
	journal = {Journal of the American Statistical Association},
}
